<?xml version="1.0" encoding="UTF-8"?><collection xmlns="http://www.loc.gov/MARC21/slim"><record><leader>00309nam--2200133-i-4500</leader><controlfield tag="001">000040892</controlfield><controlfield tag="002">20161230</controlfield><controlfield tag="005">20161230201042</controlfield><controlfield tag="008">060222s1000------------r-----000-0-eng-d</controlfield><datafield ind1=" " ind2=" " tag="080"><subfield code="a">666.3</subfield></datafield><datafield ind1=" " ind2=" " tag="245"><subfield code="a">Science of ceramics</subfield></datafield><datafield ind1=" " ind2=" " tag="260"><subfield code="a">London, Academic Press, 1962. 481 P</subfield></datafield><datafield ind1=" " ind2=" " tag="700"><subfield code="a">G.H.Stewart</subfield></datafield><datafield ind1=" " ind2=" " tag="852"><subfield code="a">17986</subfield></datafield></record></collection>